@online{eth-whitepaper,
    author    = "Vitalik Buterin",
    title     = "Ethereum White Paper",
    url       = "https://github.com/ethereum/wiki/wiki/White-Paper",
}
@online{eth-yellowpaper,
    author = "Dr. Gavin Wood",
    title = "Ethereum Yellow Paper",
    subtitle = "ETHEREUM: A SECURE DECENTRALISED GENERALISED TRANSACTION LEDGER",
    url = "https://ethereum.github.io/yellowpaper/paper.pdf"
}
@online{bitcoin-whitepaper,
    author="Satoshi Nakamoto",
    title="Bitcoin: A Peer-to-Peer Electronic Cash System",
    url="https://bitcoin.org/bitcoin.pdf"
}
@online{bitcoin-simple,
    author="Oleg Mazonka",
    title="Blockchain: Simple Explanation",
    url="http://jrxv.net/x/16/chain.pdf"
}
@online{compact-por,
    author="Hovav Shacham and Brent Waters",
    title="Compact Proofs of Retrievability",
    url="https://cseweb.ucsd.edu/~hovav/dist/verstore.pdf"
}
@phdthesis{merkle-thesis,
    author="Ralph Charles Merkle",
    title="SECRECY, AUTHENTICATION, AND PUBLIC KEY SYSTEMS ",
    school="Department of Electrical Engineering, Stanford University, Stanford, USA",
    year="1979",
    url="http://www.merkle.com/papers/Thesis1979.pdf"
}
@online{solidity-proposal,
    author="Dr. Gavin Wood",
    title="Solidity",
    url="https://gist.github.com/gavofyork/31b35cd2252a00d0d057"
}
@online{solidity-docs,
    title="Solidity Documentation",
    url="https://solidity.readthedocs.io/en/develop/types.html"
}
@online{eip-ecc,
    title="DRAFT: Precompiled contracts for elliptic curve addition and scalar multiplication",
    url="https://github.com/ethereum/EIPs/issues/196"
}
@online{java-hash,
    title="saphir-hash",
    license="Mix of BSD-like and MIT-like licenses",
    url="https://github.com/sfuhrm/saphir-hash"
}
@online{ecc-por,
    title="PORs: Proofs of Retrievability for Large Files",
    url="http://www.arijuels.com/wp-content/uploads/2013/09/JK07.pdf",
    author="Ari Juels1 and Burton S. Kaliski Jr."
}
@online{swarm-swear-swindle,
    title="Swap, Swear and Swindle",
    subtitle="incentive system for swarm",
    url="http://swarm-gateways.net/bzz:/theswarm.eth/ethersphere/orange-papers/1/sw%5E3.pdf",
    author="Viktor Trón; Aron Fischer; Dániel A. Nagy; Zsolt Felföldi; Nick Johnson"
}
@online{ipfs,
    title="IPFS - Content Addressed, Versioned, P2P File System",
    url="https://ipfs.io/ipfs/QmR7GSQM93Cx5eAg6a6yRzNde1FQv7uL6X1o4k7zrJa3LX/ipfs.draft3.pdf",
    author="Juan Benet"
}
@online{swarm-alpha,
    title="Swarm alpha public pilot and the basics of Swarm",
    url="https://blog.ethereum.org/2016/12/15/swarm-alpha-public-pilot-basics-swarm/",
    author="Viktor Tron"
}
@online{filecoin,
    title="Filecoin: A Cryptocurrency Operated File Storage Network",
    url="http://filecoin.io/filecoin.pdf"
}